@inbook{aI,
author = {Professor Wim Veys},
title = {Algebra I},
year = {2014},
}
